@article{DBLP:journals/corr/abs-1710-09829,
  author    = {Sara Sabour and
               Nicholas Frosst and
               Geoffrey E. Hinton},
  title     = {Dynamic Routing Between Capsules},
  journal   = {CoRR},
  volume    = {abs/1710.09829},
  year      = {2017},
  url       = {http://arxiv.org/abs/1710.09829},
  archivePrefix = {arXiv},
  eprint    = {1710.09829},
  timestamp = {Mon, 13 Aug 2018 16:47:11 +0200},
  biburl    = {https://dblp.org/rec/bib/journals/corr/abs-1710-09829},
  bibsource = {dblp computer science bibliography, https://dblp.org}
}

@article{DBLP:journals/corr/abs-1207-0580,
  author    = {Geoffrey E. Hinton and
               Nitish Srivastava and
               Alex Krizhevsky and
               Ilya Sutskever and
               Ruslan Salakhutdinov},
  title     = {Improving neural networks by preventing co-adaptation of feature detectors},
  journal   = {CoRR},
  volume    = {abs/1207.0580},
  year      = {2012},
  url       = {http://arxiv.org/abs/1207.0580},
  archivePrefix = {arXiv},
  eprint    = {1207.0580},
  timestamp = {Mon, 13 Aug 2018 16:46:10 +0200},
  biburl    = {https://dblp.org/rec/bib/journals/corr/abs-1207-0580},
  bibsource = {dblp computer science bibliography, https://dblp.org}
}

@article{DBLP:journals/corr/abs-1708-05148,
  author    = {Diksha Khurana and
               Aditya Koli and
               Kiran Khatter and
               Sukhdev Singh},
  title     = {Natural Language Processing: State of The Art, Current Trends and
               Challenges},
  journal   = {CoRR},
  volume    = {abs/1708.05148},
  year      = {2017},
  url       = {http://arxiv.org/abs/1708.05148},
  archivePrefix = {arXiv},
  eprint    = {1708.05148},
  timestamp = {Mon, 13 Aug 2018 16:47:48 +0200},
  biburl    = {https://dblp.org/rec/bib/journals/corr/abs-1708-05148},
  bibsource = {dblp computer science bibliography, https://dblp.org}
}

@article{DBLP:journals/corr/PascanuGCB13,
  author    = {Razvan Pascanu and
               {\c{C}}aglar G{\"{u}}l{\c{c}}ehre and
               Kyunghyun Cho and
               Yoshua Bengio},
  title     = {How to Construct Deep Recurrent Neural Networks},
  journal   = {CoRR},
  volume    = {abs/1312.6026},
  year      = {2013},
  url       = {http://arxiv.org/abs/1312.6026},
  archivePrefix = {arXiv},
  eprint    = {1312.6026},
  timestamp = {Mon, 13 Aug 2018 16:46:41 +0200},
  biburl    = {https://dblp.org/rec/bib/journals/corr/PascanuGCB13},
  bibsource = {dblp computer science bibliography, https://dblp.org}
}

@article{DBLP:journals/corr/ZarembaSV14,
  author    = {Wojciech Zaremba and
               Ilya Sutskever and
               Oriol Vinyals},
  title     = {Recurrent Neural Network Regularization},
  journal   = {CoRR},
  volume    = {abs/1409.2329},
  year      = {2014},
  url       = {http://arxiv.org/abs/1409.2329},
  archivePrefix = {arXiv},
  eprint    = {1409.2329},
  timestamp = {Mon, 13 Aug 2018 16:47:17 +0200},
  biburl    = {https://dblp.org/rec/bib/journals/corr/ZarembaSV14},
  bibsource = {dblp computer science bibliography, https://dblp.org}
}

@article{lecun:98,
  author    = {Y. LeCun, L. Bottou, Y. Bengio, and P. Haffner},
  title     = {Gradient-based learning applied to document recognition.},
  journal   = {Proceedings of the IEEE},
  year      = {1998},
  url       = {http://yann.lecun.com/exdb/publis/pdf/lecun-98.pdf},
}

@article{sep:97,
  author    = {Sepp Hochreiter and Jurgen Schmidhuber},
  title     = {Long short-term memory},
  journal   = {Neural Computation},
  year      = {1997},
  url       = {http://www.bioinf.jku.at/publications/older/2604.pdf},
}

@book{Goodfellow-et-al-2016,
    title={Deep Learning},
    author={Ian Goodfellow and Yoshua Bengio and Aaron Courville},
    publisher={MIT Press},
    note={\url{http://www.deeplearningbook.org}},
    year={2016}
}

@article{DBLP:journals/corr/abs-1801-06146,
  author    = {Jeremy Howard and
               Sebastian Ruder},
  title     = {Fine-tuned Language Models for Text Classification},
  journal   = {CoRR},
  volume    = {abs/1801.06146},
  year      = {2018},
  url       = {http://arxiv.org/abs/1801.06146},
  archivePrefix = {arXiv},
  eprint    = {1801.06146},
  timestamp = {Mon, 13 Aug 2018 16:46:54 +0200},
  biburl    = {https://dblp.org/rec/bib/journals/corr/abs-1801-06146},
  bibsource = {dblp computer science bibliography, https://dblp.org}
}

@article{DBLP:journals/corr/ChungGCB14,
  author    = {Junyoung Chung and
               {\c{C}}aglar G{\"{u}}l{\c{c}}ehre and
               KyungHyun Cho and
               Yoshua Bengio},
  title     = {Empirical Evaluation of Gated Recurrent Neural Networks on Sequence
               Modeling},
  journal   = {CoRR},
  volume    = {abs/1412.3555},
  year      = {2014},
  url       = {http://arxiv.org/abs/1412.3555},
  archivePrefix = {arXiv},
  eprint    = {1412.3555},
  timestamp = {Mon, 13 Aug 2018 16:47:38 +0200},
  biburl    = {https://dblp.org/rec/bib/journals/corr/ChungGCB14},
  bibsource = {dblp computer science bibliography, https://dblp.org}
}

@article{DBLP:journals/corr/abs-1301-3781,
  author    = {Tomas Mikolov and
               Kai Chen and
               Greg Corrado and
               Jeffrey Dean},
  title     = {Efficient Estimation of Word Representations in Vector Space},
  journal   = {CoRR},
  volume    = {abs/1301.3781},
  year      = {2013},
  url       = {http://arxiv.org/abs/1301.3781},
  archivePrefix = {arXiv},
  eprint    = {1301.3781},
  timestamp = {Mon, 13 Aug 2018 16:48:33 +0200},
  biburl    = {https://dblp.org/rec/bib/journals/corr/abs-1301-3781},
  bibsource = {dblp computer science bibliography, https://dblp.org}
}

@article{DBLP:journals/corr/abs-1803-08375,
  author    = {Abien Fred Agarap},
  title     = {Deep Learning using Rectified Linear Units (ReLU)},
  journal   = {CoRR},
  volume    = {abs/1803.08375},
  year      = {2018},
  url       = {http://arxiv.org/abs/1803.08375},
  archivePrefix = {arXiv},
  eprint    = {1803.08375},
  timestamp = {Mon, 13 Aug 2018 16:47:13 +0200},
  biburl    = {https://dblp.org/rec/bib/journals/corr/abs-1803-08375},
  bibsource = {dblp computer science bibliography, https://dblp.org}
}

@article{DBLP:journals/corr/KingmaB14,
  author    = {Diederik P. Kingma and
               Jimmy Ba},
  title     = {Adam: {A} Method for Stochastic Optimization},
  journal   = {CoRR},
  volume    = {abs/1412.6980},
  year      = {2014},
  url       = {http://arxiv.org/abs/1412.6980},
  archivePrefix = {arXiv},
  eprint    = {1412.6980},
  timestamp = {Mon, 13 Aug 2018 16:47:35 +0200},
  biburl    = {https://dblp.org/rec/bib/journals/corr/KingmaB14},
  bibsource = {dblp computer science bibliography, https://dblp.org}
}

@article{DBLP:journals/ml/CortesV95,
  author    = {Corinna Cortes and
               Vladimir Vapnik},
  title     = {Support-Vector Networks},
  journal   = {Machine Learning},
  volume    = {20},
  number    = {3},
  pages     = {273--297},
  year      = {1995},
  url       = {https://doi.org/10.1007/BF00994018},
  doi       = {10.1007/BF00994018},
  timestamp = {Sun, 28 May 2017 01:00:00 +0200},
  biburl    = {https://dblp.org/rec/bib/journals/ml/CortesV95},
  bibsource = {dblp computer science bibliography, https://dblp.org}
}

@article{wang:2012,
  author    = {Sida Wang and Christopher D. Manning},
  title     = {Baselines and Bigrams: Simple, Good Sentiment and Topic Classification},
  year      = {2012},
  url       = {https://www.aclweb.org/anthology/P12-2018},
}

@online{karpathy:2015,
  author = {Andrej Karparthy},
  title = {The Unreasonable Effectiveness of Recurrent Neural Networks},
  year = 2015,
  url = {http://karpathy.github.io/2015/05/21/rnn-effectiveness},
  urldate = {2018-05-12}
}
